%%==================================================
%% chap1.bib for BIT Master Thesis
%% version: 0.1
%% last update: Nov 8th, 2017
%%==================================================

%绪论参考文献

@ARTICLE{RongZhao2013,
  Author		= {Rong, H and Zhao, G},
  Title		= {Direct adaptive neural control of nonlinear systems with extreme learning machine},
  eprint		= {},
  Journal		= {Neural Computation & Application},
  Volume		= {22},
  number		= {},
  Pages		= {577–586},
  Year		= {2013},
  language	= {},
  url	= {},
  typeoflit	= {},
}

@ARTICLE{HangHang2015,
  Author		= {Huang, Gao and Huang, Guang Bin and Song, Shi ji and You, Keyou},
  Title		= {Trends in extreme learning machines: A review},
  eprint		= {},
  Journal		= {Neural Networks the Official Journal of the International Neural Network Society},
  Volume		= {61},
  number		= {},
  Pages		= {32-48},
  Year		= {2015},
  language	= {},
  url	= {},
  typeoflit	= {},
}

@ARTICLE{CLiZhuLi2004,
  Author		= {李阳 and 朱家仪 and 李树民},
  Title		= {非线性控制理论的回顾与展望},
  eprint		= {},
  Journal		= {飞航导弹},
  Volume		= {},
  number		= {11},
  Pages		= {55-58},
  Year		= {2004},
  language	= {},
  url	= {},
  typeoflit	= {},
}

@ARTICLE{BallCohen1987,
  Author		= {Ball, J. A. and Cohen. N.},
  Title		= { The sensitivity minimization in an H∞norm: parameterization of all optimal solutions},
  eprint		= {},
  Journal		= {In. J. Contr},
  Volume		= {46},
  number		= {},
  Pages		= {785-816},
  Year		= {1987},
  language	= {},
  url	= {},
  typeoflit	= {},
}

@ARTICLE{MaZhangZhou2016,
  Author		= {马宏宾 and 张星红 and 周浩},
  Title		= {例说自适应控制：从倒立摆谈起},
  eprint		= {},
  Journal		= {系统与控制纵横},
  Volume		= {3},
  number		= {1},
  Pages		= {64-75},
  Year		= {2016},
  language	= {},
  url	= {},
  typeoflit	= {},
}

@ARTICLE{XieGuo1999,
  Author		= {Xie, L. L. and Guo, L.},
  Title		= {Fundamental Limitations of Discrete-Time Adaptive Nonlinear Control},
  eprint		= {},
  Journal		= {IEEE TRANSACTIONS ON AUTOMATIC CONTROL},
  Volume		= {44},
  number		= {9},
  Pages		= {1777-1782},
  Year		= {1999},
  language	= {},
  url	= {},
  typeoflit	= {},
}

@ARTICLE{Guo2003,
  Author		= {]郭雷},
  Title		= {关于反馈的作用及能力的认识},
  eprint		= {},
  Journal		= {自动化博览},
  Volume		= {},
  number		= {01},
  Pages		= {5-7+19},
  Year		= {2003},
  language	= {},
  url	= {},
  typeoflit	= {},
}

@ARTICLE{Guo2002,
  Author		= {Guo, L.},
  Title		= {Exploring the maximum capability of adaptive feedback},
  eprint		= {},
  Journal		= {INTERNATIONAL JOURNAL OF ADAPTIVE CONTROL AND SIGNAL PROCESSING},
  Volume		= {16},
  number		= {},
  Pages		= {341–354},
  Year		= {2002},
  language	= {},
  url	= {},
  typeoflit	= {},
}

@ARTICLE{ZhangGuo2002,
  Author		= {Zhang, Y. X. and Guo, L.},
  Title		= {A Limit to the Capability of Feedback},
  eprint		= {},
  Journal		= {IEEE TRANSACTIONS ON AUTOMATIC CONTROL},
  Volume		= {47},
  number		= {4},
  Pages		= {687-692},
  Year		= {2002},
  language	= {},
  url	= {},
  typeoflit	= {},
}

@INBOOK{MaLum2009,
  AUTHOR		= {Ma, H. and Lum, K. Y.},
  editor		= {},
  TITLE		= {Adaptive Control. InTech},
  CHAPTER		= {Adaptive Estimation and Control for Systems with Parametric and Nonparametric Uncertainties},
  pages		= {},
  PUBLISHER	= {},
  YEAR		= {2009},
  volume		= {},
  number		= {},
  series		= {},
  type		= {},
  address		= {},
  edition		= {},
  month		= {},
  note		= {},
  abstract	= {},
  keywords	= {},
  language	= {},
  url	= {},
  typeoflit	= {},
}

@BOOK{ChenGuo1991,
  AUTHOR		= {Chen, H.F. and Guo, L.},
  editor		= {},
  TITLE		= {Identification and Stochastic Adaptive Control},
  PUBLISHER	= {},
  YEAR		= {1991},
  volume		= {},
  number		= {},
  series		= {},
  address		= {Boston, MA},
  edition		= {},
  month		= {},
  note		= {},
  abstract	= {},
  isbn		= {},
  price		= {},
  keywords	= {},
  source		= {},
  language	= {},
  url	= {},
  typeoflit	= {},
}

@BOOK{Guo1992,
  AUTHOR		= {郭雷},
  editor		= {},
  TITLE		= {时变随机系统},
  PUBLISHER	= {吉林科学技术出版社},
  YEAR		= {1992},
  volume		= {},
  number		= {},
  series		= {},
  address		= {长春},
  edition		= {},
  month		= {},
  note		= {},
  abstract	= {},
  isbn		= {},
  price		= {},
  keywords	= {},
  source		= {},
  language	= {},
  url	= {},
  typeoflit	= {},
}
.
@ARTICLE{ChenZhao2014,
  Author		= {Chen, H. F. and Zhao, W. X.},
  Title		= {Recursive identification and parameter estimation},
  eprint		= {},
  Journal		= {Taylor & Francis Usa},
  Volume		= {},
  number		= {},
  Pages		= {},
  Year		= {2014},
  language	= {},
  url	= {},
  typeoflit	= {},
}

@ARTICLE{Li2010,
  Author		= {李晓理},
  Title		= {一类离散时间非线性系统的多模型自适应控制},
  eprint		= {},
  Journal		= {控制与决策},
  Volume		= {},
  number		= {06},
  Pages		= {841-846},
  Year		= {2010},
  language	= {},
  url	= {},
  typeoflit	= {},
}

@BOOK{Katsuhiko2005,
  AUTHOR		= {Katsuhiko Gata},
  editor		= {},
  TITLE		= {现代控制工程},
  PUBLISHER	= {清华大学出版社},
  YEAR		= {2005},
  volume		= {},
  number		= {},
  series		= {},
  address		= {北京},
  edition		= {4},
  month		= {},
  note		= {},
  abstract	= {},
  isbn		= {},
  price		= {},
  keywords	= {},
  source		= {},
  language	= {},
  url	= {},
  typeoflit	= {},
}

@CONFERENCE{YangChaiZhai2009,
  author		= {Yang, C. G. and Chai, T. Y. and Zhai, L. F. and Ge, S. S. and Lee H. T.},
  title		= {Semi-parametric Adaptive Control of Discrete-time Nonlinear Systems},
  booktitle	= {Proceedings of the IEEE International Conference on Automation and Logistics},
  year		= {2009},
  editor		= {},
  volume		= {},
  series		= {},
  pages		= {},
  address		= {Shenyang},
  month		= {},
  organization= {},
  publisher	= {},
  note		= {},
  key 		= {},
  crossref	= {},
  annote		= {},
  language	= {},
  url	= {},
  typeoflit	= {},
}

@ARTICLE{Hou2014,
  Author		= {侯忠生},
  Title		= {再论无模型自适应控制},
  eprint		= {},
  Journal		= {系统科学与数学},
  Volume		= {34},
  number		= {10},
  Pages		= {1182-1191},
  Year		= {2014},
  language	= {},
  url	= {},
  typeoflit	= {},
}

@ARTICLE{Hou2006,
  Author		= {侯忠生},
  Title		= {无模型自适应控制的现状与展望},
  eprint		= {},
  Journal		= {控制理论与应用},
  Volume		= {},
  number		= {04},
  Pages		= {586-592},
  Year		= {2006},
  language	= {},
  url	= {},
  typeoflit	= {},
}

@ARTICLE{Pan1990,
  Author		= {潘胜强},
  Title		= {扰动下线性二次型反馈调节器的鲁棒性与灵敏度},
  eprint		= {},
  Journal		= {控制理论与应用},
  Volume		= {},
  number		= {01},
  Pages		= {98-104},
  Year		= {1990},
  language	= {},
  url	= {},
  typeoflit	= {},
}
